@book{petris2009dynamic,
  title={{Dynamic linear models with R}},
  author={Petris, Giovanni and Petrone, Sonia and Campagnoli, Patrizia},
  year={2009},
  publisher={Springer}
}

@book{durbin2012time,
  title={{Time series analysis by state space methods}},
  author={Durbin, James and Koopman, Siem Jan},
  year={2012},
  publisher={Oxford university press}
}

@article{zietz2014us,
  title={{When was the US housing downturn predictable? A comparison of univariate forecasting methods}},
  author={Zietz, Joachim and Traian, Anca},
  journal={The Quarterly Review of Economics and Finance},
  volume={54},
  number={2},
  pages={271--281},
  year={2014},
  publisher={Elsevier}
}

@article{teriele2019,
  title={{PBL/CBS Regionale bevolkings- enhuishoudensprognose 2019â€“2050: Belangrijkste uitkomsten}},
  author={{te Riele}, Saskia and Huisman, Corina and Stoeldraijer, Lenny and de Jong, Andries and van Duin, Coen and Husby, Trond},
  journal={Statistische Trends},
  volume={},
  number={},
  pages={},
  year={2019},
  publisher={CBS}
}

@article{canova1998detrending,
  title={{Detrending and business cycle facts}},
  author={Canova, Fabio},
  journal={Journal of monetary economics},
  volume={41},
  number={3},
  pages={475--512},
  year={1998},
  publisher={Elsevier}
}

@article{hamilton2018,
  title={{Why you should never use the Hodrick-Prescott filter}},
  author={Hamilton, James D},
  journal={Review of Economics and Statistics},
  volume={100},
  number={5},
  pages={831--843},
  year={2018},
  publisher={MIT Press}
}

@book{hyndman2018forecasting,
  title={{Forecasting: principles and practice}},
  author={Hyndman, Rob J and Athanasopoulos, George},
  year={2018},
  publisher={OTexts}
}

@book{holmes2019timeseries,
  title = {{ Applied time series analysis for fisheries and environmental data.}},
  author = {Holmes, E. E., and Scheuerell, M. D.  and Ward, E. J.},
  year = {2019},
  publisher = {NOAA Fisheries, Northwest Fisheries Science Center, 2725 Montlake Blvd E., Seattle, WA 98112}
}

@Article{hyndman2019,
    title = {{Automatic time series forecasting: the forecast package for {R}}},
    author = {Rob J Hyndman and Yeasmin Khandakar},
    journal = {Journal of Statistical Software},
    volume = {26},
    number = {3},
    pages = {1--22},
    year = {2008},
    url = {http://www.jstatsoft.org/article/view/v027i03},
  }

@article{tashman2000out,
title = {{Out-of-sample tests of forecasting accuracy: an analysis and review}},
journal = "International Journal of Forecasting",
volume = "16",
number = "4",
pages = "437 - 450",
year = "2000",
note = "The M3- Competition",
issn = "0169-2070",
doi = "https://doi.org/10.1016/S0169-2070(00)00065-0",
url = "http://www.sciencedirect.com/science/article/pii/S0169207000000650",
author = "Leonard J. Tashman",
keywords = "Out-of-sample, Fit period, Test period, Fixed origin, Rolling origin, Updating, Recalibration, Rolling window, Sliding simulation, Forecasting competitions"
}

@Inbook{hastie2009,
author="Hastie, Trevor
and Tibshirani, Robert
and Friedman, Jerome",
title="Model Assessment and Selection",
bookTitle="The Elements of Statistical Learning: Data Mining, Inference, and Prediction",
year="2009",
publisher="Springer New York",
address="New York, NY",
pages="219--259",
isbn="978-0-387-84858-7",
doi="10.1007/978-0-387-84858-7_7",
url="https://doi.org/10.1007/978-0-387-84858-7_7"
}

@article{bergmeir2018,
title = {{A note on the validity of cross-validation for evaluating autoregressive time series prediction}},
journal = "Computational Statistics \& Data Analysis",
volume = "120",
pages = "70 - 83",
year = "2018",
issn = "0167-9473",
doi = "https://doi.org/10.1016/j.csda.2017.11.003",
url = "http://www.sciencedirect.com/science/article/pii/S0167947317302384",
author = "Christoph Bergmeir and Rob J. Hyndman and Bonsoo Koo",
keywords = "Cross-validation, Time series, Autoregression"
}

@article{kaplan2017understanding,
  title={{Understanding the long-run decline in interstate migration}},
  author={Kaplan, Greg and Schulhofer-Wohl, Sam},
  journal={International Economic Review},
  volume={58},
  number={1},
  pages={57--94},
  year={2017},
  publisher={Wiley Online Library}
}

@article{mulder2018putting,
  title={{Putting family centre stage: Ties to nonresident family, internal migration, and immobility}},
  author={Mulder, Clara H},
  journal={Demographic Research},
  volume={39},
  pages={1151--1180},
  year={2018},
  publisher={JSTOR}
}

@article{holt2004forecasting,
  title={{Forecasting seasonals and trends by exponentially weighted moving averages}},
  author={Holt, Charles C},
  journal={International journal of forecasting},
  volume={20},
  number={1},
  pages={5--10},
  year={2004},
  publisher={Elsevier}
}

@article{winters1960forecasting,
  title={{Forecasting sales by exponentially weighted moving averages}},
  author={Winters, Peter R},
  journal={Management science},
  volume={6},
  number={3},
  pages={324--342},
  year={1960},
  publisher={INFORMS}
}

@article{de2011forecasting,
  title={{Forecasting time series with complex seasonal patterns using exponential smoothing}},
  author={De Livera, Alysha M and Hyndman, Rob J and Snyder, Ralph D},
  journal={Journal of the American statistical association},
  volume={106},
  number={496},
  pages={1513--1527},
  year={2011},
  publisher={Taylor \& Francis}
}

@article{hyndman2002state,
  title={{A state space framework for automatic forecasting using exponential smoothing methods}},
  author={Hyndman, Rob J and Koehler, Anne B and Snyder, Ralph D and Grose, Simone},
  journal={International Journal of forecasting},
  volume={18},
  number={3},
  pages={439--454},
  year={2002},
  publisher={Elsevier}
}

@article{bergmeir2012use,
  title={{On the use of cross-validation for time series predictor evaluation}},
  author={Bergmeir, Christoph and Ben{\'\i}tez, Jos{\'e} M},
  journal={Information Sciences},
  volume={191},
  pages={192--213},
  year={2012},
  publisher={Elsevier}
}

@article{wilson2004comparative,
  title={{Comparative empirical evaluations of internal migration models in subnational population projections}},
  author={Wilson, Tom and Bell, Martin},
  journal={Journal of Population Research},
  volume={21},
  number={2},
  pages={127},
  year={2004},
  publisher={Springer}
}

@article{molloy2011internal,
  title={{Internal migration in the United States}},
  author={Molloy, Raven and Smith, Christopher L and Wozniak, Abigail},
  journal={Journal of Economic perspectives},
  volume={25},
  number={3},
  pages={173--96},
  year={2011}
}

@article{hierro2009modelling,
  title={{Modelling the dynamics of internal migration flows in Spain}},
  author={Hierro, Mar{\'\i}a},
  journal={Papers in regional Science},
  volume={88},
  number={3},
  pages={683--692},
  year={2009},
  publisher={Wiley Online Library}
}

@article{monahan1984note,
  title={{A note on enforcing stationarity in autoregressive-moving average models}},
  author={Monahan, John F},
  journal={Biometrika},
  volume={71},
  number={2},
  pages={403--404},
  year={1984},
  publisher={Oxford University Press}
}

@article{kalman1960contributions,
  title={{Contributions to the theory of optimal control}},
  author={Kalman, Rudolf Emil},
  journal={Boletin de la Sociedad Matematica Mexicana},
  volume={5},
  number={2},
  pages={102--119},
  year={1960}
}


@article{taylor2018forecasting,
  title={{Forecasting at scale}},
  author={Taylor, Sean J and Letham, Benjamin},
  journal={The American Statistician},
  volume={72},
  number={1},
  pages={37--45},
  year={2018},
  publisher={Taylor \& Francis}
}

@article{young1991recursive,
  title={{Recursive forecasting, smoothing and seasonal adjustment of non-stationary environmental data}},
  author={Young, Peter Colin and Ng, Cho Nam and Lane, Kevin and Parker, David},
  journal={Journal of Forecasting},
  volume={10},
  number={1-2},
  pages={57--89},
  year={1991},
  publisher={Wiley Online Library}
}

@book{smith2013practitioner,
  title={{A practitioner's guide to state and local population projections}},
  author={Smith, Stanley K and Tayman, Jeff and Swanson, David A},
  year={2013},
  publisher={Springer}
}

@article{smith1997further,
  title={{Further thoughts on simplicity and complexity in population projection models}},
  author={Smith, Stanley K},
  journal={International journal of forecasting},
  volume={13},
  number={4},
  pages={557--565},
  year={1997},
  publisher={Elsevier}
}

@article{de2005achtergronden,
  title={{Achtergronden en veronderstellingen bij het model PEARL. Naar een nieuwe regionale bevolkings-en allochtonenprognose}},
  author={{de Jong}, Andries and Alders, M and Feijten, P and Visser, Petra and Deerenberg, Ingeborg and Van Huis, M and Leering, Dick},
  journal={Den Haag: Ruimtelijk Planbureau/Centraal Bureau voor de Statistiek},
  year={2005}
}

@article{commandeur2011statistical,
  title={{Statistical software for state space methods}},
  author={Commandeur, Jacques JF and Koopman, Siem Jan and Ooms, Marius and others},
  journal={Journal of Statistical Software},
  volume={41},
  number={1},
  pages={1--18},
  year={2011}
}

@article{beer1993forecast,
  title={{Forecast intervals of net migration: The case of the Netherlands}},
  author={Beer, Joop De},
  journal={Journal of Forecasting},
  volume={12},
  number={7},
  pages={585--599},
  year={1993},
  publisher={Wiley Online Library}
}

@article{matthews2013progress,
  title={{Progress in spatial demography}},
  author={Matthews, Stephen A and Parker, Daniel M},
  journal={Demographic Research},
  volume={28},
  pages={271--312},
  year={2013},
  publisher={JSTOR}
}

@article{raymer2019spatial,
  title={{Spatial demography: A unifying core and agenda for further research}},
  author={Raymer, James and Willekens, Frans and Rogers, Andrei},
  journal={Population, Space and Place},
  volume={25},
  number={4},
  pages={e2179},
  year={2019},
  publisher={Wiley Online Library}
}

@book{harvey1990forecasting,
  title={{Forecasting, structural time series models and the Kalman filter}},
  author={Harvey, Andrew C},
  year={1990},
  publisher={Cambridge university press}
}

@article{de2011forecasting,
  title={{Forecasting time series with complex seasonal patterns using exponential smoothing}},
  author={De Livera, Alysha M and Hyndman, Rob J and Snyder, Ralph D},
  journal={Journal of the American statistical association},
  volume={106},
  number={496},
  pages={1513--1527},
  year={2011},
  publisher={Taylor \& Francis}
}

@article{makridakis2019forecasting,
  title={{Forecasting in social settings: the state of the art}},
  author={Makridakis, Spyros and Hyndman, Rob J and Petropoulos, Fotios},
  journal={International Journal of Forecasting},
  year={2019},
  publisher={Elsevier}
}

@misc{husby2019trek,
author = {Husby, Trond and Weterings, Anet and {de Groot}, Jolien},
title = {Trek van en naar de stad. Veranderingen in verhuispatronen, 1996-2018},
year = {2019},
howpublished={Den Haag: Planbureau voor de Leefomgeving. \url{https://themasites.pbl.nl/trek-van-en-naar-de-stad/}}
}
