@book{petris2009dynamic,
  title={Dynamic linear models with R},
  author={Petris, Giovanni and Petrone, Sonia and Campagnoli, Patrizia},
  year={2009},
  publisher={Springer}
}

@book{durbin2012time,
  title={Time series analysis by state space methods},
  author={Durbin, James and Koopman, Siem Jan},
  year={2012},
  publisher={Oxford university press}
}

@article{zietz2014us,
  title={When was the US housing downturn predictable? A comparison of univariate forecasting methods},
  author={Zietz, Joachim and Traian, Anca},
  journal={The Quarterly Review of Economics and Finance},
  volume={54},
  number={2},
  pages={271--281},
  year={2014},
  publisher={Elsevier}
}

@article{canova1998detrending,
  title={Detrending and business cycle facts},
  author={Canova, Fabio},
  journal={Journal of monetary economics},
  volume={41},
  number={3},
  pages={475--512},
  year={1998},
  publisher={Elsevier}
}

@article{hamilton2018,
  title={Why you should never use the Hodrick-Prescott filter},
  author={Hamilton, James D},
  journal={Review of Economics and Statistics},
  volume={100},
  number={5},
  pages={831--843},
  year={2018},
  publisher={MIT Press}
}

@book{hyndman2018forecasting,
  title={Forecasting: principles and practice},
  author={Hyndman, Rob J and Athanasopoulos, George},
  year={2018},
  publisher={OTexts}
}

@book{holmes2019timeseries,
  title = { Applied time series analysis for fisheries and environmental data.},
  author = {Holmes, E. E., and Scheuerell, M. D.  and Ward, E. J.},
  year = {2019},
  publisher = {NOAA Fisheries, Northwest Fisheries Science Center, 2725 Montlake Blvd E., Seattle, WA 98112}
}

@Article{hyndman2019,
    title = {Automatic time series forecasting: the forecast package for {R}},
    author = {Rob J Hyndman and Yeasmin Khandakar},
    journal = {Journal of Statistical Software},
    volume = {26},
    number = {3},
    pages = {1--22},
    year = {2008},
    url = {http://www.jstatsoft.org/article/view/v027i03},
  }

@article{tashman2000out,
title = "Out-of-sample tests of forecasting accuracy: an analysis and review",
journal = "International Journal of Forecasting",
volume = "16",
number = "4",
pages = "437 - 450",
year = "2000",
note = "The M3- Competition",
issn = "0169-2070",
doi = "https://doi.org/10.1016/S0169-2070(00)00065-0",
url = "http://www.sciencedirect.com/science/article/pii/S0169207000000650",
author = "Leonard J. Tashman",
keywords = "Out-of-sample, Fit period, Test period, Fixed origin, Rolling origin, Updating, Recalibration, Rolling window, Sliding simulation, Forecasting competitions"
}

@Inbook{Hastie2009,
author="Hastie, Trevor
and Tibshirani, Robert
and Friedman, Jerome",
title="Model Assessment and Selection",
bookTitle="The Elements of Statistical Learning: Data Mining, Inference, and Prediction",
year="2009",
publisher="Springer New York",
address="New York, NY",
pages="219--259",
isbn="978-0-387-84858-7",
doi="10.1007/978-0-387-84858-7_7",
url="https://doi.org/10.1007/978-0-387-84858-7_7"
}

@article{bergmeir2018,
title = "A note on the validity of cross-validation for evaluating autoregressive time series prediction",
journal = "Computational Statistics & Data Analysis",
volume = "120",
pages = "70 - 83",
year = "2018",
issn = "0167-9473",
doi = "https://doi.org/10.1016/j.csda.2017.11.003",
url = "http://www.sciencedirect.com/science/article/pii/S0167947317302384",
author = "Christoph Bergmeir and Rob J. Hyndman and Bonsoo Koo",
keywords = "Cross-validation, Time series, Autoregression"
}
